<?xml version="1.0" encoding="UTF-8"?><record xmlns="http://www.loc.gov/MARC21/slim" xmlns:cinclude="http://apache.org/cocoon/include/1.0" xmlns:zs="http://www.loc.gov/zing/srw/">
  <leader>00446cz  a2200121n  4500</leader>
  <controlfield tag="001">n  88088386 </controlfield>
  <controlfield tag="003">DLC</controlfield>
  <controlfield tag="005">19890722063308.7</controlfield>
  <controlfield tag="008">890612n| acannaab|          |n aaa ||| b</controlfield>
  <datafield tag="010" ind1=" " ind2=" ">
    <subfield code="a">n  88088386 </subfield>
  </datafield>
  <datafield tag="040" ind1=" " ind2=" ">
    <subfield code="a">DNLM</subfield>
    <subfield code="c">DLC</subfield>
  </datafield>
  <datafield tag="100" ind1="1" ind2="0">
    <subfield code="a">Perin, Antonio</subfield>
  </datafield>
  <datafield tag="670" ind1=" " ind2=" ">
    <subfield code="a">Symposium on Polyamines in Biology and Medicine (1987 : Milan, Italy). Perspectives in polyamine research, c1988:</subfield>
    <subfield code="b">t.p. (Antonio Perin) p. 111 (Inst. of General Pathology, Univ. of Milan, Italy)</subfield>
  </datafield>
</record>